@INPROCEEDINGS{1,
  author={Menon, Samir Jordan and Wu, David J.},
  booktitle={2022 IEEE Symposium on Security and Privacy (SP)},
  title={SPIRAL: Fast, High-Rate Single-Server PIR via FHE Composition},
  year={2022},
  volume={},
  number={},
  pages={930-947},
  doi={10.1109/SP46214.2022.9833700}}
